<?xml version="1.0" encoding="UTF-8"?><record xmlns="http://www.loc.gov/MARC21/slim" xmlns:cinclude="http://apache.org/cocoon/include/1.0" xmlns:zs="http://www.loc.gov/zing/srw/">
  <leader>00775cz  a2200157n  4500</leader>
  <controlfield tag="001">n  82141941 </controlfield>
  <controlfield tag="003">DLC</controlfield>
  <controlfield tag="005">20090110081520.0</controlfield>
  <controlfield tag="008">821020n| acannaabn          |a ana      </controlfield>
  <datafield tag="010" ind1=" " ind2=" ">
    <subfield code="a">n  82141941 </subfield>
  </datafield>
  <datafield tag="035" ind1=" " ind2=" ">
    <subfield code="a">(OCoLC)oca00838056</subfield>
  </datafield>
  <datafield tag="040" ind1=" " ind2=" ">
    <subfield code="a">DLC</subfield>
    <subfield code="b">eng</subfield>
    <subfield code="c">DLC</subfield>
    <subfield code="d">OCoLC</subfield>
  </datafield>
  <datafield tag="110" ind1="2" ind2=" ">
    <subfield code="a">IBP Committee on Professional Responsibility, Discipline, and Disbarment</subfield>
  </datafield>
  <datafield tag="410" ind1="2" ind2=" ">
    <subfield code="a">Integrated Bar of the Philippines.</subfield>
    <subfield code="b">Committee on Professional Responsibility, Discipline, and Disbarment</subfield>
  </datafield>
  <datafield tag="410" ind1="2" ind2=" ">
    <subfield code="a">I.B.P. Committee on Professional Responsibility, Discipline, and Disbarment</subfield>
  </datafield>
  <datafield tag="670" ind1=" " ind2=" ">
    <subfield code="a">Its Proposed code of professional responsibility, 1979:</subfield>
    <subfield code="b">t.p. (IBP Committee on Professional Responsibility, Discipline, and Disbarment; list of members; at head of title: Integrated Bar of the Philippines)</subfield>
  </datafield>
</record>